@misc{activeloop,
  author = {Activeloop},
  url    = {https://www.activeloop.ai/},
  title  = {Active Loop},
  year   = {2025},
  note   = {Último acesso em: 07 de janeiro de 2025}
}

@article{att_all_u_need,
  author = {Ashish Vaswani, Noam Shazeer, et al.},
  title  = {Attention Is All You Need},
  year   = {2017},
  url    = {https://arxiv.org/abs/1706.03762},
  month  = {6}
}

@misc{chroma,
  author = {Chroma},
  url    = {https://www.trychroma.com/},
  title  = {Chroma},
  year   = {2025},
  note   = {Último acesso em: 07 de janeiro de 2025}
}

@book{design_patterns,
  author    = {Erich Gamma, Richard Helm, Ralph Johnson e John Vlissides},
  title     = {Design Patterns: Elements of Reusable Object-Oriented Software},
  year      = {1994},
  publisher = {Addison-Wesley Professional},
  edition   = {1}
}

@misc{data_created,
  author = {Fabio Duarte},
  url    = {https://explodingtopics.com/blog/data-generated-per-day},
  title  = {Amount of Data Created Daily},
  year   = {2024}
}

@article{design_science,
  author = {Alan Hevner, Alan R., Salvatore T. March e Salvatore T.},
  title  = {Design Science in Information Systems Research},
  year   = {2004},
  url    = {https://www.researchgate.net/publication/201168946_Design_Science_in_Information_Systems_Research},
  month  = {3}
}

@misc{digitization,
  author = {David Reinsel, John Grantz and John Rydning},
  title  = {The Digitization of the World From Edge to Core},
  year   = {2018},
  url    = {https://www.seagate.com/files/www-content/our-story/trends/files/dataage-idc-report-final.pdf},
  note   = {Último acesso em: 19 de dezembro de 2024}
}

@misc{docling,
  author = {IBM},
  url    = {https://ds4sd.github.io/docling/},
  title  = {Docling},
  year   = {2024},
  note   = {Último acesso em: 24 de Janeiro de 2025}
}

@book{dsr_method,
  author    = {Aline Dresch, Daniel Pacheco Lacerda e José Antonio Valle Antunes Júnior},
  title     = {Design Science Research: Método de Pesquisa para Avanço da Ciência e Tecnologia},
  year      = {2020},
  publisher = {Bookman Editora},
  edition   = {1}
}

@misc{elasticsearch,
  author = {The Search AI Company},
  url    = {https://www.elastic.co/},
  title  = {Elasticsearch},
  year   = {2024},
  note   = {Último acesso em: 22 de janeiro de 2025}
}

@misc{fastapi,
  author = {Tiangolo},
  url    = {https://fastapi.tiangolo.com/},
  title  = {FastAPI},
  year   = {2018}
}

@misc{gemini_models,
  author = {Google},
  url    = {https://ai.google.dev/?utm_source=website&utm_medium=referral&utm_campaign=geminichat&utm_content},
  title  = {Gemini Models},
  year   = {2024}
}

@article{genai_ibm,
  author = {Cole Stryker e Mark Scapicchio},
  title  = {What is generative AI?},
  year   = {2024},
  url    = {https://www.ibm.com/think/topics/generative-ai},
  month  = {3}
}

@misc{gpt_models,
  author = {OpenAI},
  url    = {https://platform.openai.com/docs/models},
  title  = {GPT Models},
  year   = {2024}
}

@article{ibm_rag,
  author = {David Massey, Mihai Criveti, et al.},
  title  = {Retrieval Augmented Generation},
  year   = {2024},
  url    = {https://pages.github.ibm.com/solution-architectures/generative-ai-ref-arch/patterns/rag/},
  month  = {1}
}

@misc{intfloat_model,
  author = {Intfloat},
  url    = {https://huggingface.co/intfloat/multilingual-e5-base},
  title  = {Intfloat multilingual LLM model for RAG},
  year   = {2024}
}

@article{intro_dsr,
  author = {Jan Vom Brocke, Alan Hevner e Alexander Maedche},
  title  = {Introduction to Design Science Research},
  year   = {2020},
  url    = {https://www.researchgate.net/publication/345430098_Introduction_to_Design_Science_Research},
  month  = {9}
}

@misc{llama_index,
  author = {Llama Index},
  url    = {https://www.llamaindex.ai/},
  title  = {Llama Index},
  year   = {2024}
}

@misc{llama_models,
  author = {Meta},
  url    = {https://www.llama.com/llama-downloads/},
  title  = {Llama Models},
  year   = {2024}
}

@article{llm_ibm,
  author = {IBM},
  title  = {What are LLMs?},
  year   = {2023},
  url    = {https://www.ibm.com/think/topics/large-language-models},
  month  = {11}
}

@article{mckinsey_genai,
  author = {Pepe Cafferata e Yran Bartolumeu Dias},
  url    = {https://www.mckinsey.com.br/our-insights/all-insights/65-das-empresas-usam-gen-ai-no-mundo},
  title  = {65 por cento das empresas usam Gen AI no mundo; líderes apontam caminhos para obter retorno financeiro},
  year   = {2024},
  month  = {7}
}

@misc{ollama,
  author = {Meta},
  url    = {https://ollama.com/},
  title  = {Ollama},
  year   = {2024}
}

@misc{openai,
  author = {OpenAI},
  url    = {https://openai.com/},
  title  = {Open AI},
  year   = {2025},
  note   = {Último acesso em: 07 de janeiro de 2025}
}


@misc{pinecone,
  author = {Pinecone},
  url    = {https://www.pinecone.io/},
  title  = {Pinecone},
  year   = {2025},
  note   = {Último acesso em: 07 de janeiro de 2025}
}

@misc{python,
  author = {Python Software Foundation},
  url    = {https://www.python.org/doc/},
  title  = {Python},
  year   = {2024},
  note   = {Último acesso em: 14 de Janeiro de 2025}
}

@article{RAG,
  author = {Patrick Lewis, Ethan Perez, et al.},
  title  = {Retrieval-Augmented Generation for Knowledge-Intensive NLP Tasks},
  year   = {2020},
  url    = {https://proceedings.neurips.cc/paper/2020/hash/6b493230205f780e1bc26945df7481e5-Abstract.html},
  month  = {1}
}

@misc{retrieval_strategies,
  author = {Prashant Sai},
  url    = {https://prasanth-product.medium.com/the-ultimate-guide-on-retrieval-strategies-rag-part-4-6cedce09a4c4},
  title  = {The Ultimate Guide on Retrieval Strategies RAG},
  year   = {2024},
  month  = {3}
}

@book{rothman,
  author    = {Denis Rothman},
  title     = {RAG-Driven Generative AI},
  year      = {2024},
  publisher = {Packt Publishing},
  edition   = {1}
}

@book{simon_1996,
  author    = {Herbert A. Simon},
  title     = {The Sciences of the Artificial},
  year      = {2019},
  publisher = {MIT Press},
  edition   = {3rd reissue}
}

@misc{streamlit,
  author = {Snowflake Inc.},
  url    = {https://streamlit.io/},
  title  = {Streamlit},
  year   = {2024}
}

@misc{starlette,
  author = {Starlette},
  title  = {Starlette Framework},
  year   = {2024},
  url    = {https://www.starlette.io/},
  note   = {Último acesso em: 25 de janeiro de 2025}
}

@misc{pydantic,
  author = {Pydantic},
  title  = {Pydantic Validation Library},
  year   = {2024},
  url    = {https://docs.pydantic.dev/latest/},
  note   = {Último acesso em: 25 de janeiro de 2025}
}

@misc{tccs_unirio,
  author       = {BSI UNIRIO},
  title        = {Publicações de TCCs do Bacharelado em Sistemas de Informação},
  year         = {2024},
  howpublished = {https://bsi.uniriotec.br/publicacoes-de-tcc/},
  note         = {Último acesso em: 19 de dezembro de 2024}
}


